<?xml version="1.0" encoding="UTF-8"?>
  <record xmlns="http://www.loc.gov/MARC21/slim" type="Authority">
    <leader>00000nz  a2200000nc 4500</leader>
    <controlfield tag="001">117462004</controlfield>
    <controlfield tag="003">DE-101</controlfield>
    <controlfield tag="005">20211022200920.0</controlfield>
    <controlfield tag="008">960829n||azznnaabn           | aaa    |c</controlfield>
    <datafield tag="024" ind1="7" ind2=" ">
      <subfield code="a">117462004</subfield>
      <subfield code="0">http://d-nb.info/gnd/117462004</subfield>
      <subfield code="2">gnd</subfield>
    </datafield>
    <datafield tag="035" ind1=" " ind2=" ">
      <subfield code="a">(DE-101)117462004</subfield>
    </datafield>
    <datafield tag="035" ind1=" " ind2=" ">
      <subfield code="a">(DE-588)117462004</subfield>
    </datafield>
    <datafield tag="035" ind1=" " ind2=" ">
      <subfield code="z">(DE-588)137977476</subfield>
    </datafield>
    <datafield tag="035" ind1=" " ind2=" ">
      <subfield code="z">(DE-588)1019160683</subfield>
    </datafield>
    <datafield tag="035" ind1=" " ind2=" ">
      <subfield code="z">(DE-588a)1019160683</subfield>
      <subfield code="9">v:zg</subfield>
    </datafield>
    <datafield tag="035" ind1=" " ind2=" ">
      <subfield code="z">(DE-588a)137977476</subfield>
      <subfield code="9">v:zg</subfield>
    </datafield>
    <datafield tag="035" ind1=" " ind2=" ">
      <subfield code="z">(DE-588a)156364778</subfield>
    </datafield>
    <datafield tag="035" ind1=" " ind2=" ">
      <subfield code="z">(DE-588a)117462004</subfield>
      <subfield code="9">v:zg</subfield>
    </datafield>
    <datafield tag="040" ind1=" " ind2=" ">
      <subfield code="a">DE-611</subfield>
      <subfield code="c">DE-611</subfield>
      <subfield code="9">r:DE-611</subfield>
      <subfield code="b">ger</subfield>
      <subfield code="d">9999</subfield>
    </datafield>
    <datafield tag="042" ind1=" " ind2=" ">
      <subfield code="a">gnd1</subfield>
    </datafield>
    <datafield tag="043" ind1=" " ind2=" ">
      <subfield code="c">XA-DE</subfield>
      <subfield code="c">XA-NL</subfield>
    </datafield>
    <datafield tag="065" ind1=" " ind2=" ">
      <subfield code="a">16.5p</subfield>
      <subfield code="2">sswd</subfield>
    </datafield>
    <datafield tag="075" ind1=" " ind2=" ">
      <subfield code="b">p</subfield>
      <subfield code="2">gndgen</subfield>
    </datafield>
    <datafield tag="075" ind1=" " ind2=" ">
      <subfield code="b">pik</subfield>
      <subfield code="2">gndspec</subfield>
    </datafield>
    <datafield tag="079" ind1=" " ind2=" ">
      <subfield code="a">g</subfield>
      <subfield code="q">a</subfield>
      <subfield code="q">f</subfield>
      <subfield code="q">l</subfield>
      <subfield code="q">z</subfield>
      <subfield code="q">s</subfield>
      <subfield code="u">k</subfield>
    </datafield>
    <datafield tag="100" ind1="0" ind2=" ">
      <subfield code="a">Johann Albert</subfield>
      <subfield code="b">I.</subfield>
      <subfield code="c">Solms-Braunfels, Graf</subfield>
      <subfield code="d">1563-1623</subfield>
    </datafield>
    <datafield tag="375" ind1=" " ind2=" ">
      <subfield code="a">1</subfield>
      <subfield code="2">iso5218</subfield>
    </datafield>
    <datafield tag="400" ind1="0" ind2=" ">
      <subfield code="a">Johann Albrecht</subfield>
      <subfield code="b">I.</subfield>
      <subfield code="c">Solms-Braunfels, Graf</subfield>
      <subfield code="d">1563-1623</subfield>
    </datafield>
    <datafield tag="400" ind1="0" ind2=" ">
      <subfield code="a">Johann Albert</subfield>
      <subfield code="c">von Solms-Braunfels</subfield>
      <subfield code="d">1563-1623</subfield>
    </datafield>
    <datafield tag="400" ind1="0" ind2=" ">
      <subfield code="a">Johann Albrecht</subfield>
      <subfield code="c">Solms, Graf</subfield>
      <subfield code="d">1563-1623</subfield>
    </datafield>
    <datafield tag="400" ind1="0" ind2=" ">
      <subfield code="a">Albrecht</subfield>
      <subfield code="c">Solms, Graf</subfield>
      <subfield code="d">1563-1623</subfield>
    </datafield>
    <datafield tag="400" ind1="1" ind2=" ">
      <subfield code="a">Solms-Braunsfels, Johann Albrecht &#152;zu&#156;</subfield>
      <subfield code="d">1563-1623</subfield>
    </datafield>
    <datafield tag="400" ind1="1" ind2=" ">
      <subfield code="a">Solms, Johann Albrecht &#152;zu&#156;</subfield>
      <subfield code="d">1563-1623</subfield>
    </datafield>
    <datafield tag="400" ind1="1" ind2=" ">
      <subfield code="a">Solms, Johann Albrecht &#152;von&#156;</subfield>
      <subfield code="d">1563-1623</subfield>
    </datafield>
    <datafield tag="400" ind1="0" ind2=" ">
      <subfield code="a">Johann Albrecht</subfield>
      <subfield code="c">Solms-Braunsfels, Graf</subfield>
      <subfield code="d">1563-1623</subfield>
    </datafield>
    <datafield tag="400" ind1="0" ind2=" ">
      <subfield code="a">Johann Albrecht</subfield>
      <subfield code="c">Solm, Graf</subfield>
      <subfield code="d">1563-1623</subfield>
    </datafield>
    <datafield tag="400" ind1="1" ind2=" ">
      <subfield code="a">Solms-Braunfels, Joh. Albrecht</subfield>
      <subfield code="d">1563-1623</subfield>
    </datafield>
    <datafield tag="400" ind1="1" ind2=" ">
      <subfield code="a">Solms-Braunfels, Johann Albrecht</subfield>
      <subfield code="d">1563-1623</subfield>
    </datafield>
    <datafield tag="400" ind1="1" ind2=" ">
      <subfield code="a">Solms Braunfels, Joh. Albrecht</subfield>
      <subfield code="d">1563-1623</subfield>
    </datafield>
    <datafield tag="400" ind1="1" ind2=" ">
      <subfield code="a">Braunfels, Johann Albrecht Solms-</subfield>
      <subfield code="d">1563-1623</subfield>
    </datafield>
    <datafield tag="400" ind1="1" ind2=" ">
      <subfield code="a">Solms-Braunfels, Johann Albert &#152;von&#156;</subfield>
      <subfield code="d">1563-1623</subfield>
    </datafield>
    <datafield tag="400" ind1="1" ind2=" ">
      <subfield code="a">Braunfels, Johann Albert von Solms-</subfield>
      <subfield code="d">1563-1623</subfield>
      <subfield code="5">DE-18</subfield>
    </datafield>
    <datafield tag="500" ind1="1" ind2=" ">
      <subfield code="0">(DE-101)120219719</subfield>
      <subfield code="0">(DE-588)120219719</subfield>
      <subfield code="0">https://d-nb.info/gnd/120219719</subfield>
      <subfield code="a">Oranje-Nassau, Amalie &#152;van&#156;</subfield>
      <subfield code="d">1602-1675</subfield>
      <subfield code="4">bezf</subfield>
      <subfield code="4">https://d-nb.info/standards/elementset/gnd#familialRelationship</subfield>
      <subfield code="w">r</subfield>
      <subfield code="i">Beziehung familiaer</subfield>
      <subfield code="e">Beziehung familiaer</subfield>
      <subfield code="9">v:Tochter</subfield>
    </datafield>
    <datafield tag="548" ind1=" " ind2=" ">
      <subfield code="a">05.03.1563-04.05.1623</subfield>
      <subfield code="4">datx</subfield>
      <subfield code="4">https://d-nb.info/standards/elementset/gnd#dateOfBirthAndDeath</subfield>
      <subfield code="w">r</subfield>
      <subfield code="i">Exakte Lebensdaten</subfield>
    </datafield>
    <datafield tag="548" ind1=" " ind2=" ">
      <subfield code="a">05.03.1563-07.05.1623</subfield>
      <subfield code="4">datx</subfield>
      <subfield code="4">https://d-nb.info/standards/elementset/gnd#dateOfBirthAndDeath</subfield>
      <subfield code="w">r</subfield>
      <subfield code="i">Exakte Lebensdaten</subfield>
    </datafield>
    <datafield tag="548" ind1=" " ind2=" ">
      <subfield code="a">1563-1623</subfield>
      <subfield code="4">datl</subfield>
      <subfield code="4">https://d-nb.info/standards/elementset/gnd#dateOfBirthAndDeath</subfield>
      <subfield code="w">r</subfield>
      <subfield code="i">Lebensdaten</subfield>
    </datafield>
    <datafield tag="550" ind1=" " ind2=" ">
      <subfield code="0">(DE-101)041563123</subfield>
      <subfield code="0">(DE-588)4156312-8</subfield>
      <subfield code="0">https://d-nb.info/gnd/4156312-8</subfield>
      <subfield code="a">Geheimer Rat</subfield>
      <subfield code="4">berc</subfield>
      <subfield code="4">https://d-nb.info/standards/elementset/gnd#professionOrOccupation</subfield>
      <subfield code="w">r</subfield>
      <subfield code="i">Charakteristischer Beruf</subfield>
    </datafield>
    <datafield tag="550" ind1=" " ind2=" ">
      <subfield code="0">(DE-101)041604148</subfield>
      <subfield code="0">(DE-588)4160414-3</subfield>
      <subfield code="0">https://d-nb.info/gnd/4160414-3</subfield>
      <subfield code="a">Hofmeister</subfield>
      <subfield code="4">beru</subfield>
      <subfield code="4">https://d-nb.info/standards/elementset/gnd#professionOrOccupation</subfield>
      <subfield code="w">r</subfield>
      <subfield code="i">Beruf</subfield>
    </datafield>
    <datafield tag="550" ind1=" " ind2=" ">
      <subfield code="0">(DE-101)040004643</subfield>
      <subfield code="0">(DE-588)4000464-8</subfield>
      <subfield code="0">https://d-nb.info/gnd/4000464-8</subfield>
      <subfield code="a">Adel</subfield>
      <subfield code="4">beru</subfield>
      <subfield code="4">https://d-nb.info/standards/elementset/gnd#professionOrOccupation</subfield>
      <subfield code="w">r</subfield>
      <subfield code="i">Beruf</subfield>
    </datafield>
    <datafield tag="550" ind1=" " ind2=" ">
      <subfield code="a">Oberhofmeister d. Kurfürsten v. d. Pfalz</subfield>
      <subfield code="4">beru</subfield>
      <subfield code="4">https://d-nb.info/standards/elementset/gnd#professionOrOccupation</subfield>
      <subfield code="w">r</subfield>
      <subfield code="i">Beruf</subfield>
    </datafield>
    <datafield tag="550" ind1=" " ind2=" ">
      <subfield code="a">Geheimrat</subfield>
      <subfield code="4">beru</subfield>
      <subfield code="4">https://d-nb.info/standards/elementset/gnd#professionOrOccupation</subfield>
      <subfield code="w">r</subfield>
      <subfield code="i">Beruf</subfield>
    </datafield>
    <datafield tag="550" ind1=" " ind2=" ">
      <subfield code="0">(DE-101)040217787</subfield>
      <subfield code="0">(DE-588)4021778-4</subfield>
      <subfield code="0">https://d-nb.info/gnd/4021778-4</subfield>
      <subfield code="a">Graf</subfield>
      <subfield code="4">adel</subfield>
      <subfield code="4">https://d-nb.info/standards/elementset/gnd#titleOfNobility</subfield>
      <subfield code="w">r</subfield>
      <subfield code="i">Adelstitel</subfield>
    </datafield>
    <datafield tag="551" ind1=" " ind2=" ">
      <subfield code="0">(DE-101)040114465</subfield>
      <subfield code="0">(DE-588)4011446-6</subfield>
      <subfield code="0">https://d-nb.info/gnd/4011446-6</subfield>
      <subfield code="a">Den Haag</subfield>
      <subfield code="4">ortg</subfield>
      <subfield code="4">https://d-nb.info/standards/elementset/gnd#placeOfBirth</subfield>
      <subfield code="w">r</subfield>
      <subfield code="i">Geburtsort</subfield>
    </datafield>
    <datafield tag="667" ind1=" " ind2=" ">
      <subfield code="a">VD-17</subfield>
    </datafield>
    <datafield tag="670" ind1=" " ind2=" ">
      <subfield code="a">NDB/ADB-online</subfield>
    </datafield>
    <datafield tag="670" ind1=" " ind2=" ">
      <subfield code="a">Hessische Biografie</subfield>
    </datafield>
    <datafield tag="670" ind1=" " ind2=" ">
      <subfield code="a">Supellex epistolica Uffenbachii et Wolfiorum = Katalog der Uffenbach-Wolfschen Briefsammlung / hrsg. u. bearb. von Nilüfer Krüger. - Hamburg : Hauswedell, 1978. 2 Bde. - (Katalog der Handschriften der Staats- und Universitätsbibliothek Hamburg ; 8)</subfield>
    </datafield>
    <datafield tag="672" ind1=" " ind2="0">
      <subfield code="a">Scultetus, Abraham: Bericht, Vom Christliche Leben, seligen Sterben, gegenwertiger Ruh, und zukünfftiger Herrligkeit, Deß ... Johann Albrechts, Graven zu Solms. - 1624</subfield>
    </datafield>
    <datafield tag="678" ind1=" " ind2=" ">
      <subfield code="b">Kurpfälzischer Großhofmeister und Geheimer Rat in königl. böhmischen Diensten. Erbherr auf Münzenberg, Wildenfels und Sonnenwalde</subfield>
    </datafield>
    <datafield tag="913" ind1=" " ind2=" ">
      <subfield code="S">pnd</subfield>
      <subfield code="i">a</subfield>
      <subfield code="a">Solms-Braunfels, Joh... Albrecht</subfield>
      <subfield code="0">(DE-588a)117462004</subfield>
    </datafield>
    <datafield tag="913" ind1=" " ind2=" ">
      <subfield code="S">pnd</subfield>
      <subfield code="i">5</subfield>
      <subfield code="a">Johann Albert &lt;Solms-Braunfels, Graf, I.&gt;</subfield>
      <subfield code="0">(DE-588a)137977476</subfield>
    </datafield>
    <datafield tag="913" ind1=" " ind2=" ">
      <subfield code="S">pnd</subfield>
      <subfield code="i">a</subfield>
      <subfield code="a">Solms-Braunsfels, Johann Albrecht /zu</subfield>
      <subfield code="0">(DE-588a)1019160683</subfield>
    </datafield>
  </record>
